<?xml version="1.0" encoding="UTF-8"?>
<collection xmlns="http://www.loc.gov/MARC21/slim" >

<record type="Bibliographic" >
        <leader>     cam a22     4  4500</leader>
        <controlfield tag="001">331529165</controlfield>
        <controlfield tag="003">CHVBK</controlfield>
        <controlfield tag="005">20150330030214.0</controlfield>
        <controlfield tag="008">140415s2015    gw            00    ger| </controlfield>
        <datafield tag="020" ind1=" " ind2=" ">
            <subfield code="a">978-3-406-66962-0</subfield>
        </datafield>
        <datafield tag="035" ind1=" " ind2=" ">
            <subfield code="a">(OCoLC)905733606</subfield>
        </datafield>
        <datafield tag="035" ind1=" " ind2=" ">
            <subfield code="a">(IDSBB)006355409</subfield>
        </datafield>
        <datafield tag="040" ind1=" " ind2=" ">
            <subfield code="a">GWDNB</subfield>
            <subfield code="d">SzZuIDS BS/BE A100</subfield>
        </datafield>
        <datafield tag="082" ind1="0" ind2=" ">
            <subfield code="a">790</subfield>
        </datafield>
        <datafield tag="084" ind1=" " ind2=" ">
            <subfield code="a">790</subfield>
            <subfield code="2">sdnb</subfield>
        </datafield>
        <datafield tag="100" ind1="1" ind2=" ">
            <subfield code="a">Rode-Breymann</subfield>
            <subfield code="D">Susanne</subfield>
            <subfield code="d">1958-</subfield>
        </datafield>
        <datafield tag="245" ind1="1" ind2="0">
            <subfield code="a">Alma Mahler-Werfel</subfield>
            <subfield code="b">Muse - Gattin - Witwe</subfield>
            <subfield code="c">Susanne Rode-Breymann</subfield>
        </datafield>
        <datafield tag="250" ind1=" " ind2=" ">
            <subfield code="a">2. Aufl</subfield>
        </datafield>
        <datafield tag="260" ind1=" " ind2=" ">
            <subfield code="a">München</subfield>
            <subfield code="b">Beck</subfield>
            <subfield code="c">2015</subfield>
        </datafield>
        <datafield tag="300" ind1=" " ind2=" ">
            <subfield code="a">335 S</subfield>
            <subfield code="b">Ill</subfield>
        </datafield>
        <datafield tag="600" ind1="1" ind2="7">
            <subfield code="a">Mahler-Werfel, Alma Maria</subfield>
            <subfield code="d">1879-1964</subfield>
            <subfield code="0">(DE-588)11857633X</subfield>
            <subfield code="2">gnd</subfield>
        </datafield>
        <datafield tag="655" ind1=" " ind2="7">
            <subfield code="a">Biographie</subfield>
            <subfield code="2">gnd</subfield>
        </datafield>
        <datafield tag="898" ind1=" " ind2=" ">
            <subfield code="a">BK020000</subfield>
            <subfield code="b">XK020000</subfield>
        </datafield>
        <datafield tag="912" ind1=" " ind2="7">
            <subfield code="a">mu</subfield>
        </datafield>
        <datafield tag="949" ind1=" " ind2=" ">
            <subfield code="B">IDSBB</subfield>
            <subfield code="F">A100</subfield>
            <subfield code="j">kk VI 22483</subfield>
            <subfield code="x">NELA1001503</subfield>
        </datafield>
        <datafield tag="950" ind1=" " ind2=" ">
            <subfield code="B">IDSBB</subfield>
            <subfield code="P">100</subfield>
            <subfield code="E">1-</subfield>
            <subfield code="a">Rode-Breymann</subfield>
            <subfield code="D">Susanne</subfield>
            <subfield code="d">1958-</subfield>
        </datafield>
        <datafield tag="956" ind1="4" ind2=" ">
            <subfield code="B">IDSBB</subfield>
            <subfield code="C">DSV51</subfield>
            <subfield code="D">DSV01</subfield>
            <subfield code="a">A100</subfield>
            <subfield code="u">http://www.ub.unibas.ch/tox/IDSLUZ/001167952/PDF</subfield>
            <subfield code="q">pdf</subfield>
            <subfield code="x">VIEW</subfield>
            <subfield code="y">Inhaltsverzeichnis</subfield>
        </datafield>
    <datafield tag="956" ind1="4" ind2=" ">
        <subfield code="B">IDSBB</subfield>
        <subfield code="C">DSV51</subfield>
        <subfield code="D">DSV01</subfield>
        <subfield code="a">bla</subfield>
        <subfield code="u">http://www.ub.unibas.ch/tox/IDSLUZ/001167952/PDF</subfield>
        <subfield code="q">pdf</subfield>
        <subfield code="x">VIEW</subfield>
        <subfield code="y">Inhaltsverzeichnis</subfield>
    </datafield>

    <datafield tag="956" ind1="4" ind2=" ">
        <subfield code="B">RERO</subfield>
        <subfield code="C">DSV51</subfield>
        <subfield code="D">DSV01</subfield>
        <subfield code="a">rer</subfield>
        <subfield code="u">http://www.ub.unibas.ch/tox/IDSLUZ/001167952/PDF</subfield>
        <subfield code="q">pdf</subfield>
        <subfield code="x">VIEW</subfield>
        <subfield code="y">Inhaltsverzeichnis</subfield>
    </datafield>


        <datafield tag="986" ind1=" " ind2=" ">
            <subfield code="a">SWISSBIB</subfield>
            <subfield code="b">325524297</subfield>
        </datafield>
    </record>
</collection>